@inproceedings{crichton_2022a,
  author = {Crichton, Will and Patrignani, Marco and Agrawala, Maneesh and Hanrahan, Pat},
  title = {Modular Information Flow through Ownership},
  year = {2022},
  isbn = {9781450392655},
  publisher = {Association for Computing Machinery},
  address = {New York, NY, USA},
  url = {https://doi.org/10.1145/3519939.3523445},
  booktitle = {Proceedings of the 43rd ACM SIGPLAN International Conference on Programming Language
               Design and Implementation},
  pages = {1â€“14},
  numpages = {14},
  keywords = {information flow, rust, ownership types},
  location = {San Diego, CA, USA},
  series = {PLDI 2022},
  doi = {10.1145/3519939.3523445},
}

@phdthesis{gattinger_2018a,
  title = {New directions in model checking dynamic epistemic logic},
  url = {https://malv.in/phdthesis},
  school = {University of Amsterdam},
  type = {phdthesis},
  author = {Gattinger, Malvin},
  year = {2018},
  note = {{ISBN}: 978-94-028-1025-7},
}
